@article{juliani2018unity,
  author    = {Arthur Juliani and Vincent-Pierre Berges and Ervin Vckay and Yuan Gao and Hunter Henry and Matthew Mattar and Danny Lange},
  title     = {Unity: A General Platform for Intelligent Agents},
  journal   = {arXiv},
  year      = {2018},
  doi       = {10.48550/arxiv.1809.02627},
  url       = {https://doi.org/10.48550/arxiv.1809.02627}
}

@article{ilosvay2024unity,
  author    = {Vikt√≥ria Ilosvay and Emanuele Iaccarino},
  title     = {Unity ML Agents: Wall Jump and SoccerTwos Environment Using Reinforcement Learning (RL) Technique},
  year      = {2024},
  doi       = {10.13140/RG.2.2.32633.65125}
}

@misc{unityTechnologies2019mlagents,
  author    = {Unity-Technologies},
  title     = {Unity-Technologies/Ml-Agents},
  year      = {2019},
  url       = {https://github.com/Unity-Technologies/ml-agents},
  note      = {Accessed: 11 Jan. 2025}
}

@inproceedings{benoit2002fuzzy,
  author    = {Eric Benoit and Richard Dapoigny and Laurent Foulloy},
  title     = {Fuzzy-Based Intelligent Sensors: Modeling, Design, Application},
  booktitle = {HAL (Le Centre Pour La Communication Scientifique Directe)},
  year      = {2002},
  doi       = {10.1109/etfa.2001.997712},
  note      = {Accessed: 11 Jan. 2025}
}

@article{muhammad2011novel,
  author    = {Muhammad and Aini Hussain},
  title     = {A Novel Agent-Based Simulation Framework for Sensing in Complex Adaptive Environments},
  journal   = {IEEE Sensors Journal},
  volume    = {11},
  number    = {2},
  pages     = {404--412},
  year      = {2011},
  doi       = {10.1109/jsen.2010.2068044},
  note      = {Accessed: 23 Apr. 2023}
}

@article{JMLR:v13:bergstra12a,
  author  = {James Bergstra and Yoshua Bengio},
  title   = {Random Search for Hyper-Parameter Optimization},
  journal = {Journal of Machine Learning Research},
  year    = {2012},
  volume  = {13},
  number  = {10},
  pages   = {281--305},
  url     = {http://jmlr.org/papers/v13/bergstra12a.html}
}
